%
% This is file `coppe.bib'.
%
% Bibliographic references for the documentation.
%
% Copyright (C) 2011 CoppeTeX Project and any individual authors listed
% elsewhere in this file.
%
% This program is free software; you can redistribute it and/or modify
% it under the terms of the GNU General Public License version 3 as
% published by the Free Software Foundation.
%
% This program is distributed in the hope that it will be useful,
% but WITHOUT ANY WARRANTY; without even the implied warranty of
% MERCHANTABILITY or FITNESS FOR A PARTICULAR PURPOSE. See the
% GNU General Public License version 3 for more details.
%
% You should have received a copy of the GNU General Public License
% version 3 along with this package (see COPYING file).
% If not, see <http://www.gnu.org/licenses/>.
%
% $URL: https://coppetex.svn.sourceforge.net/svnroot/coppetex/trunk/coppe.bib $
% $Id: coppe.bib 118 2008-10-18 14:17:06Z helano $
%
% Author(s): Vicente H. F. Batista
%            George O. Ainsworth Jr.
%

@article{jatoba,
   title = {{Ecologismo, ambientalismo e ecologia política: diferentes visões da
     sustentabilidade e do território}},
   journal = {{Sociedade e Estado}},
   author={Jatobá, Sérgio Ulisses Silva AND Cidade, Lúcia Cony Faria AND Vargas,
     Glória Maria},
   ISSN = {0102-6992},
   language = {pt},
   URL =
   {http://www.scielo.br/scielo.php?script=sci_arttext\&pid=S0102-69922009000100004\&nrm=iso},
   volume = {24},
   year = {2009},
   month = {04},
   pages = {47--87},
   publisher = {scielo},
   note = {Acessado em: 29 de jan. de 2013},
}

@article{rippel,
  author = "Ricardo Rippel and Valderice Cecília Limberger Rippel and Jandir
    Ferrera de Lima",
  title = {Percepções Genéricas sobre o crescimento populacional, a demanda por
    energia e os padrões de consumo dos recursos atuais},
  month = sep,
  year = 2006,
  url = {http://www.abep.nepo.unicamp.br/encontro2006/docspdf/ABEP2006_450.pdf},
  note = {Acessado em: 1 de fev. 2013}
}

@book{hemery,
  title={Uma hist{\'o}ria da energia},
  author={H{\'e}mery, D. and Debeir, J.C. and Del{\'e}age, J.P.},
  isbn={9788523003432},
  year={2007},
  publisher={Editora UnB},
  note = {Acessado em: 1 de fev. 2013}
}


@techreport{ben2012,
  institution = "{MME - Minist{\'e}rio de Minas e Energia}",
  title = {Balanço Energético Nacional 2012, Ano base 2011},
  type = "Relatório Final",
  number = {CDU 620.9:553.04(81)},
  author = "{{EPE - Empresa de Pesquisa Energética}}",
  address = "Rio de Janeiro, RJ",
  year = 2012,
  url = {https://ben.epe.gov.br/BENRelatorioFinal2012.aspx},
  note = {Acessado em: 1 de fev. 2013}
}

@inbook{pne15_eff_energ,
  author = "ELETROBR\'AS Brasil",
  year = 1993,
  title = "Plano Nacional de Energia 2015",
  address = "Brasilia, DF",
  volume = "5",
  chapter = "14",
  url =
  {http://www.eletrobras.com/elb/data/Pages/LUMISAB255DD0PTBRIE.htm#Mercado\%20de\%20Energia\%20El\%E9trica},
  note = {Acessado em: 1 de fev. 2013}
}


@incollection{pne30_eff_energ,
  author = "{{EPE - Empresa de Pesquisa Energ{'e}tica}}",
  year = 2007,
  title = "Eficiência Energética",
  series = "Plano Nacional de Energia 2030",
  address = "Rio de Janeiro, RJ",
  url = {http://www.epe.gov.br/PNE/20080512_11.pdf},
  note = {Acessado em: 7 de fev. 2013}
}

@article{jannuzzi,
  author = "Gilberto Martino Jannuzzi",
  year = 2002,
  title = "Aumentando a Eficiência nos Usos Finais de Energia no Brasil",
  school = "Universidade Estadual de Campinas (UNICAMP)",
  address = "Campinas, SP",
  series = "Sustentabilidade na Geração e o Uso da Energia no Brasil: os
    próximos 20 anos",
  url = {http://www.cgu.rei.unicamp.br/energia2020/papers/paper_Jannuzzi.pdf},
  note = {Acessado em: 23 de jan. 2013}
}

@article{goldemberg,
  title={Energia e meio ambiente no Brasil},
  author={GOLDEMBERG, J. and LUCON, O.},
  journal={ESTUDOS AVAN{\c{C}}ADOS},
  volume={21},
  number={59},
  pages={7},
  year=2007,
  publisher={SciELO Brasil},
  url = {http://www.scielo.br/pdf/ea/v21n59/a02v2159.pdf},
  note = {Acessado em: 27 de jan. de 2013}
}

@MASTERSTHESIS{dissert_cursino,
   author = "Arthur Henrique Cursino dos Santos",
   title = "Eficiência energética e a contribuição dos gases combustíveis:
     análise de caso das políticas de avaliação de edificações",
   school = "Universidade de São Paulo",
   address = "São Paulo, SP",
   year = 2011,
   url = {http://www.iee.usp.br/biblioteca/producao/2011/Teses/Disserta\%E7\%E3o\%20Mestrado\%20-\%20Arthur\%20Cursino.pdf},
   note = {Acessado em: 1 de fev. 2013}
}

@MASTERSTHESIS{dissert_caires,
   author = "Luis Eduardo Caires",
   title = "Aplicação de redes inteligentes nas instalações elétricas
     residênciais",
   school = "Universidade de São Paulo",
   address = "São Paulo, SP",
   year = 2012,
   url = {http://www.iee.usp.br/biblioteca/producao/2012/Teses/Dissert_CairesCorrigida.pdf},
   note = {Acessado em: 1 de fev. 2013}
}

@MASTERSTHESIS{dissert_maria_ines_matos,
   author = "Maria Inês Tavares de Matos Teodoro",
   title = "O código de obras como instrumento regulatório de eficiência
     energética em edificações residenciais: proposições para o Município de São
     Paulo",
   school = "Universidade de São Paulo",
   address = "São Paulo, SP",
   year = 2012,
   url = {http://www.iee.usp.br/biblioteca/producao/2012/Teses/MariaInesVersaoCorrigida.pdf},
   note = {Acessado em: 1 de fev. 2013}
}

@techreport{epe_mercado_2005,
  title = {Projeções do mercado de energia elétrica: 2006 - 2015},
  type = "Relatório Final",
  institution = "{{MME - Minist{\'e}rio de Minas e Energia}}",
  author = "{{EPE - Empresa de Pesquisa Energética}}",
  address = "Rio de Janeiro, RJ",
  year = 2005,
  type = "",
  series = {Mercado de Energia Elétrica: 2006 - 2015},
  url = {http://www.epe.gov.br/mercado/Documents/Mercado_1/RelatorioAnalitico.pdf},
  note = {Acessado em: 6 de fev. 2013}
}

@techreport{epe_demanda_2012,
  institution = "{{MME - Minist{\'e}rio de Minas e Energia}}",
  title = {Projeção da demanda de energia elétrica para os próximos 10 anos: 2013 - 2022},
  author = "{{EPE - Empresa de Pesquisa Energética}}",
  address = "Rio de Janeiro, RJ",
  year = 2012,
  type = "",
  series = {Estudos de Demanda},
  url = {http://www.epe.gov.br/mercado/Documents/S\%C3\%A9rie\%20Estudos\%20de\%20Energia/20130117_1.pdf},
  note = {Acessado em: 6 de fev. 2013}
}

@techreport{epe_eficiencia_2012,
  institution = "{MME - Minist{\'e}rio de Minas e Energia}",
  title = {Avaliação da Eficiência Energética para os próximos 10 anos: 2012 - 2021},
  author = "{{EPE - Empresa de Pesquisa Energética}}",
  address = "Rio de Janeiro, RJ",
  year = 2012,
  type = "Nota técnica",
  series = {Estudos de Demanda},
  url = {http://www.epe.gov.br/mercado/Documents/S\%C3\%A9rie\%20Estudos\%20de\%20Energia/20121221_1.pdf},
  note = {Acessado em: 6 de fev. 2013}
}

@techreport{pde_2012,
  institution = "{MME - Minist{\'e}rio de Minas e Energia}",
  title = {Plano Decenal de Expansão de Energia 2020},
  author = "{{EPE - Empresa de Pesquisa Energética}}",
  address = "Rio de Janeiro, RJ",
  year = 2011,
  type = "",
  url = {http://www.epe.gov.br/PDEE/20120302_1.pdf},
  note = {Acessado em: 9 de fev. 2013}
}

@techreport{onu,
  institution = {{Expert Group on Energy Efficiency}},
  author = {{ONU - Organização das Nações Unidas}},
  title = {Realizing the Potential of Energy Efficiency: Targets, Policies, and Measures for G8 Countries},
  address = "Washington, DC",
  pages = 72,
  year = 2007,
  type = "",
  url = {http://www.globalproblems-globalsolutions-files.org/unf_website/PDF/realizing_potential_energy_efficiency.pdf},
  note = {Acessado em: 4 de fev. 2013}
}


@misc{site_pesquisas_procel,
  title = {Pesquisa de Posse de Equipamentos e Hábitos de Consumo de Energia},
  url = {http://www.eletrobras.com/pci/main.asp?View=\%7B05070313-120A-45FD-964D-5641D6083F80\%7D},
  note = {Acessado em: 13 de fev. 2013}
}

@misc{epe_slides_eficiencia,
  author = "{EPE - Empresa de Pesquisa Energética}",
  title = {Efici{\^e}ncia Energ{\'e}tica},
  year = 2006,
  address = "Rio de Janeiro, RJ",
  publisher = {Apresentado como parte do Seminário: O Plano Nacional de Energia
    2030},
  url = {http://www.epe.gov.br/PNE/20070625_7.pdf},
  note = {Acessado em: 1 de fev. 2013}
}


@techreport{result_procel_2005,
  title = {Avaliação dos Resultados PROCEL 2005},
  year = 2006,
  author = {{PROCEL - ELETROBR{\'A}S}},
  type = "",
  url = {http://www.procelinfo.com.br/main.asp?View=\%7B5A08CAF0-06D1-4FFE-B335-95D83F8DFB98\%7D\&Team=\&params=itemID=\%7BA1BA3112-38B0-46DB-81DF-38286C005960\%7D;\&UIPartUID=\%7B05734935-6950-4E3F-A182-629352E9EB18\%7D},
  note = {Acessado em: 13 de fev. 2013}
}


@book{pnef,
  author = {{MME - Ministério de Minas e Energia}},
  title = "Plano Nacional de Eficiência Energética: Premissas e Diretrizes Básicas",
  year = 2011,
  address = "Brasilia, DF",
  url = {www.mme.gov.br/mme/galerias/arquivos/PlanoNacEfiEnergetica.pdf},
  note = "Acessado em: 8 de fev. 2013"
}


@book{beu,
  year = 2005,
  address = "Brasilia, DF",
  author = {{MME - Ministério de Minas e Energia}},
  title = "Balanço de Energia {\'U}til - BEU 2005",
}

@book{iea_weo2010,
  year = 2010,
  title = "World Energy Outlook 2010",
  isbn = "9789264086241",
  address = "Paris, France",
  author = {{IEA - International Energy Agency}},
  url = "http://www.iea.org/publications/freepublications/publication/weo2010.pdf",
  note = "Acessado em: 26 de fev. 2013"
}

@book{world_statics_2012,
  year = 2012,
  title = "Key World Energy Statistics",
  isbn = "9789264086241",
  address = "Paris, France",
  author = {{IEA - International Energy Agency}},
  url = "http://www.iea.org/publications/freepublications/publication/kwes.pdf",
  note = "Acessado em: 26 de fev. 2013"
}


@ARTICLE{article_example,
   author = "D. Iesan",
   title = {Existence Theorems in the Theory of Mixtures},
   journal = {Journal of Elasticity},
   volume = {42},
   number = {2},
   pages = {145--163},
   month = feb,
   year = 1996,
}

@TECHREPORT{techreport_exampleIn,
  author = "D. A. Garret",
  title = "The Microscopic Detection of Corrosion in Aluminum Aircraft Structures with Thermal Neutron Beams and Film Imaging Methods",
  type = "In: Report",
  number = "NBSIR 78-1434",
  institution = "National Bureau of Standards",
  address = "Washington, D.C.",
  year = "1977",
}

@TECHREPORT{techreport_example,
   author = "L. Maestrello",
   title = "Two-Point Correlations of Sound Pressure in the Far Field of a Jet: Experiment",
   type = "{NASA}",
   number = "{TM}~{X}-72835",
   year = 1976,
}

@INPROCEEDINGS{inproceedings_example,
   author = "M. E. Gurtin",
   title = "On the nonlinear theory of elasticity",
   booktitle = "Proceedings of the International Symposium on Continuum Mechanics and Partial Differential Equations: Contemporary Developments in Continuum Mechanics and Partial Differential Equations",
   pages = "237-253",
   address = "Rio de Janeiro",
   month = aug,
   year = 1977,
}


@INCOLLECTION{incollection_example,
   author = "S. C. Cowin",
   title = "Adaptive Anisotropy: An Example in Living Bone",
   booktitle = "Non-Classical Continuum Mechanics",
   series = "London Mathematical Society Lecture Note Series",
   volume = "122",
   publisher = "Cambridge University Press",
   pages = "174--186",
   year = 1987,
}

@INBOOK{inbook_example,
   author = "D. K. Edwards",
   title = "Thermal Radiation Measurements",
   address = "New York, USA",
   booktitle = "Measurements in Heat Transfer",
   publisher = "Hemisphere Publishing Corporation",
   editor = "E. R. G. Eckert and R. J. Goldstein",
   edition = 2,
   year = "1976",
   chapter = "10",
}

@MASTERSTHESIS{mastersthesis_example,
   author = "A. Tuntomo",
   title = "Transport Phenomena in a Small Particle with Internal Radiant Absorption",
   school = "University of California at Berkeley",
   type = "{Ph.D.} dissertation",
   address = "Berkeley, California, USA",
   year = 1990,
}

@PHDTHESIS{phdthesis_example,
   author = "Paes~Junior, H. R.",
   title = "Influ{\^e}ncia da Espessura da Camada Intr{\'i}nseca e Energia do Foton na Degrada{\c c}\~ao de C{\'e}lulas Solares de Sil{\'i}cio Amorfo Hidrogenado",
   school = "COPPE/UFRJ",
   address = "Rio de Janeiro, RJ, Brasil",
   type = "Tese de {D.Sc.}",
   year = 1994,
}

@BOOK{book_example,
   author = "R. Abraham and J. E. Marsden and T. Ratiu",
   title = "Manifolds, Tensor Analysis, and Applications",
   edition = "2",
   address = "New York",
   publisher = "Springer-Verlag",
   year = 1988,
}

